@inproceedings{mikolov18fastText,
  title={Advances in Pre-Training Distributed Word Representations},
  author={Mikolov, Tomas and Grave, Edouard and Bojanowski, Piotr and Puhrsch, Christian and Joulin, Armand},
  booktitle={Proceedings of the International Conference on Language Resources and Evaluation (LREC 2018)},
  year={2018}
}

@InProceedings{yu14Lexical,
	author    = {Yu, Mo  and  Dredze, Mark},
	title     = {Improving Lexical Embeddings with Semantic Knowledge},
	booktitle = {Proceedings of the 52nd Annual Meeting of the Association for Computational Linguistics (Volume 2: Short Papers)},
	month     = {June},
	year      = {2014},
	address   = {Baltimore, Maryland},
	publisher = {Association for Computational Linguistics},
	pages     = {545--550}
}

	author    = {Mrk\v{s}i\'{c}, Nikola  and  \'{O} S\'{e}aghdha, Diarmuid  and  Thomson, Blaise  and  Ga\v{s}i\'{c}, Milica  and  Rojas-Barahona, Lina M.  and  Su, Pei-Hao  and  Vandyke, David  and  Wen, Tsung-Hsien  and  Young, Steve},
	title     = {Counter-fitting Word Vectors to Linguistic Constraints},
	booktitle = {Proceedings of the 2016 Conference of the North American Chapter of the Association for Computational Linguistics: Human Language Technologies},
	month     = {June},
	year      = {2016},
	address   = {San Diego, California},
	publisher = {Association for Computational Linguistics},
	pages     = {142--148}
}

@article{lenci08distributional,
  title={Distributional semantics in linguistic and cognitive research},
  author={Lenci, Alessandro},
  journal={Italian journal of linguistics},
  volume={20},
  number={1},
  pages={1--31},
  year={2008}
}

@article{jiang20whatLMsKnow,
  title={How Can We Know What Language Models Know?},
  author={Jiang, Zhengbao and Xu, Frank F and Araki, Jun and Neubig, Graham},
  journal={Transactions of the Association for Computational Linguistics},
  volume={8},
  pages={423--438},
  year={2020},
  publisher={MIT Press}
}

@article{Schick20rareWords,
author = {Schick, Timo and Sch√ºtze, Hinrich},
year = {2020},
month = {04},
pages = {8766-8774},
title = {Rare Words: A Major Problem for Contextualized Embeddings and How to Fix it by Attentive Mimicking},
volume = {34},
journal = {Proceedings of the AAAI Conference on Artificial Intelligence},
doi = {10.1609/aaai.v34i05.6403}
}

@inproceedings{petroni19LMasKB,
    title = "Language Models as Knowledge Bases?",
    author = {Petroni, Fabio  and
      Rockt{\"a}schel, Tim  and
      Riedel, Sebastian  and
      Lewis, Patrick  and
      Bakhtin, Anton  and
      Wu, Yuxiang  and
      Miller, Alexander},
    booktitle = "Proceedings of the 2019 Conference on Empirical Methods in Natural Language Processing and the 9th International Joint Conference on Natural Language Processing (EMNLP-IJCNLP)",
    month = nov,
    year = "2019",
    address = "Hong Kong, China",
    publisher = "Association for Computational Linguistics",
    doi = "10.18653/v1/D19-1250",
    pages = "2463--2473",
}

@inproceedings{peters18dissecting,
    title = "Dissecting Contextual Word Embeddings: Architecture and Representation",
    author = "Peters, Matthew  and
      Neumann, Mark  and
      Zettlemoyer, Luke  and
      Yih, Wen-tau",
    booktitle = "Proceedings of the 2018 Conference on Empirical Methods in Natural Language Processing",
    month = oct # "-" # nov,
    year = "2018",
    address = "Brussels, Belgium",
    publisher = "Association for Computational Linguistics",
    doi = "10.18653/v1/D18-1179",
    pages = "1499--1509",
}

@inproceedings{gladkova16analogy,
    title = "Analogy-based detection of morphological and semantic relations with word embeddings: what works and what doesn{'}t.",
    author = "Gladkova, Anna  and
      Drozd, Aleksandr  and
      Matsuoka, Satoshi",
    booktitle = "Proceedings of the {NAACL} Student Research Workshop",
    month = jun,
    year = "2016",
    address = "San Diego, California",
    publisher = "Association for Computational Linguistics",
    url = "https://www.aclweb.org/anthology/N16-2002",
    doi = "10.18653/v1/N16-2002",
    pages = "8--15",
}

@article{hill15simlex,
    title = "{S}im{L}ex-999: Evaluating Semantic Models With (Genuine) Similarity Estimation",
    author = "Hill, Felix  and
      Reichart, Roi  and
      Korhonen, Anna",
    journal = "Computational Linguistics",
    volume = "41",
    number = "4",
    month = dec,
    year = "2015",
    url = "https://www.aclweb.org/anthology/J15-4004",
    doi = "10.1162/COLI_a_00237",
    pages = "665--695",
}

@article{brown20GPT3,
  title={Language models are few-shot learners},
  author={Brown, Tom B and Mann, Benjamin and Ryder, Nick and Subbiah, Melanie and Kaplan, Jared and Dhariwal, Prafulla and Neelakantan, Arvind and Shyam, Pranav and Sastry, Girish and Askell, Amanda and others},
  journal={arXiv preprint arXiv:2005.14165},
  year={2020}
}

@article{liu19RoBERTa,
    title = {RoBERTa: A Robustly Optimized BERT Pretraining Approach},
    author = {Yinhan Liu and Myle Ott and Naman Goyal and Jingfei Du and
              Mandar Joshi and Danqi Chen and Omer Levy and Mike Lewis and
              Luke Zettlemoyer and Veselin Stoyanov},
    journal={arXiv preprint arXiv:1907.11692},
    year = {2019},
}

@inproceedings{devlin19BERT,
    title = "{BERT}: Pre-training of Deep Bidirectional Transformers for Language Understanding",
    author = "Devlin, Jacob  and
      Chang, Ming-Wei  and
      Lee, Kenton  and
      Toutanova, Kristina",
    booktitle = "Proceedings of the 2019 Conference of the North {A}merican Chapter of the Association for Computational Linguistics: Human Language Technologies, Volume 1 (Long and Short Papers)",
    month = jun,
    year = "2019",
    address = "Minneapolis, Minnesota",
    publisher = "Association for Computational Linguistics",
    doi = "10.18653/v1/N19-1423",
    pages = "4171--4186",
}

@inproceedings{vaswani17transformers,
  title={Attention is all you need},
  author={Vaswani, Ashish and Shazeer, Noam and Parmar, Niki and Uszkoreit, Jakob and Jones, Llion and Gomez, Aidan N and Kaiser, {\L}ukasz and Polosukhin, Illia},
  booktitle={Advances in neural information processing systems},
  pages={5998--6008},
  year={2017}
}

@inproceedings{howard18ULMFiT,
    title = "Universal Language Model Fine-tuning for Text Classification",
    author = "Howard, Jeremy  and
      Ruder, Sebastian",
    booktitle = "Proceedings of the 56th Annual Meeting of the Association for Computational Linguistics (Volume 1: Long Papers)",
    month = jul,
    year = "2018",
    address = "Melbourne, Australia",
    publisher = "Association for Computational Linguistics",
    doi = "10.18653/v1/P18-1031",
    pages = "328--339",
}

@misc{radford18fineTuning,
  title={Improving language understanding by generative pre-training},
  author={Radford, Alec and Narasimhan, Karthik and Salimans, Tim and Sutskever, Ilya},
  year={2018}
}

@inproceedings{peters18ELMO,
    title = "Deep Contextualized Word Representations",
    author = "Peters, Matthew  and
      Neumann, Mark  and
      Iyyer, Mohit  and
      Gardner, Matt  and
      Clark, Christopher  and
      Lee, Kenton  and
      Zettlemoyer, Luke",
    booktitle = "Proceedings of the 2018 Conference of the North {A}merican Chapter of the Association for Computational Linguistics: Human Language Technologies, Volume 1 (Long Papers)",
    month = jun,
    year = "2018",
    address = "New Orleans, Louisiana",
    publisher = "Association for Computational Linguistics",
    doi = "10.18653/v1/N18-1202",
    pages = "2227--2237"
}

@inproceedings{pennington14glove,
	author = {Jeffrey Pennington and Richard Socher and Christopher D. Manning},
	booktitle = {Proc. of the Conference on Empirical Methods in Natural Language Processing (EMNLP)},
	title = {GloVe: Global Vectors for Word Representation},
	year = {2014},
	pages = {1532--1543}
}

@inproceedings{mikolov13word2vec_b,
author = {Mikolov, Tomas and Corrado, G.s and Chen, Kai and Dean, Jeffrey},
year = {2013},
pages = {1-12},
title = {Efficient Estimation of Word Representations in Vector Space},
booktitle = {Proc. of the International Conference on Learning Representations (ICLR)}
}

@article{Raffel19T5,
  author = {Colin Raffel and Noam Shazeer and Adam Roberts and Katherine Lee and Sharan Narang and Michael Matena and Yanqi Zhou and Wei Li and Peter J. Liu},
  title = {Exploring the Limits of Transfer Learning with a Unified Text-to-Text Transformer},
  journal = {arXiv e-prints},
  year = {2019},
  archivePrefix = {arXiv},
  eprint = {1910.10683},
}

@inproceedings{Radford19GPT2,
  title={Language Models are Unsupervised Multitask Learners},
  author={A. Radford and Jeffrey Wu and R. Child and David Luan and Dario Amodei and Ilya Sutskever},
  booktitle={Technical Report},
  year={2019}
}

@inproceedings{WWC,
title={The Westbury Lab Wikipedia Corpus},
author={Shaoul, C. \& Westbury C.},
year={2010}
}

@article{miller95wordnet,
	title={Word{N}et: a lexical database for English},
	author={Miller, George A},
	journal={Communications of the ACM},
	volume={38},
	number={11},
	pages={39--41},
	year={1995},
	publisher={ACM}
}

@inproceedings{Xiong20Encyclopedia,
title={Pretrained Encyclopedia: Weakly Supervised Knowledge-Pretrained Language Model},
author={Wenhan Xiong and Jingfei Du and William Yang Wang and Veselin Stoyanov},
booktitle={International Conference on Learning Representations},
year={2020}
}